% Encoding: UTF-8

@Article{Ban2018,
  author    = {Yue Ban and Xi Chen and Gloria Platero},
  journal   = {Nanotechnology},
  title     = {Fast long-range charge transfer in quantum dot arrays},
  year      = {2018},
  month     = {oct},
  number    = {50},
  pages     = {505201},
  volume    = {29},
  doi       = {10.1088/1361-6528/aae0ce},
  publisher = {{IOP} Publishing},
  url       = {https://doi.org/10.1088/1361-6528/aae0ce},
}

@Article{Bogan2018,
  author    = {Alex Bogan and Sergei Studenikin and Marek Korkusinski and Louis Gaudreau and Piotr Zawadzki and Andy S. Sachrajda and Lisa Tracy and John Reno and Terry Hargett},
  journal   = {Physical Review Letters},
  title     = {Landau-Zener-St√ºckelberg-Majorana Interferometry of a Single Hole},
  year      = {2018},
  month     = {may},
  number    = {20},
  volume    = {120},
  doi       = {10.1103/physrevlett.120.207701},
  publisher = {American Physical Society ({APS})},
  url       = {https://doi.org/10.1103/PhysRevLett.120.207701},
}

@Article{Bogan2017,
  author    = {A. Bogan and S.{\hspace{0.167em}}A. Studenikin and M. Korkusinski and G.{\hspace{0.167em}}C. Aers and L. Gaudreau and P. Zawadzki and A.{\hspace{0.167em}}S. Sachrajda and L.{\hspace{0.167em}}A. Tracy and J.{\hspace{0.167em}}L. Reno and T.{\hspace{0.167em}}W. Hargett},
  journal   = {Physical Review Letters},
  title     = {Consequences of Spin-Orbit Coupling at the Single Hole Level: Spin-Flip Tunneling and the Anisotropic g Factor},
  year      = {2017},
  month     = {apr},
  number    = {16},
  volume    = {118},
  doi       = {10.1103/physrevlett.118.167701},
  publisher = {American Physical Society ({APS})},
}

@Article{Bulaev2005,
  author    = {Denis V. Bulaev and Daniel Loss},
  journal   = {Physical Review Letters},
  title     = {Spin Relaxation and Decoherence of Holes in Quantum Dots},
  year      = {2005},
  month     = {aug},
  number    = {7},
  volume    = {95},
  doi       = {10.1103/physrevlett.95.076805},
  publisher = {American Physical Society ({APS})},
}

@Article{Winkler2002,
  author    = {R. Winkler and H. Noh and E. Tutuc and M. Shayegan},
  journal   = {Physical Review B},
  title     = {Anomalous Rashba spin splitting in two-dimensional hole systems},
  year      = {2002},
  month     = {mar},
  number    = {15},
  volume    = {65},
  doi       = {10.1103/physrevb.65.155303},
  publisher = {American Physical Society ({APS})},
}

@Comment{jabref-meta: databaseType:bibtex;}
